@BOOK{Smith:2012qr,
   title = "Chemistry",
   publisher = "Publisher",
   author = "Smith, J.~M. and Jones, A.~B.",
   year = 2012,
   edition = 7,
}

@MANUAL{lm555:2014,
  organization  = "Texas Instruments",
  title         = "Highly stable 555 timer",
  howpublished	= "LM555 datasheet",
  month		= Oct,
  year		= 2014
}

@ONLINE{IEEErefguide:2023,
  title		= "IEEE Reference Guide",
  month		= Oct,
  year		= 2023,
  url		= "https://journals.ieeeauthorcenter.ieee.org/wp-content/uploads/sites/7/IEEE\_Reference\_Guide.pdf",
  urldate	= "2025-08-25"
}

@ONLINE{Graffox:2009,
  title		= "IEEE Citation Reference",
  author	= "Graffox, D.",
  month		= Sep,
  year		= 2009,
  url		= "https://www.ieee.org/documents/ieeecitationref.pdf",
  urldate	= "2017-04-13"
}

@misc{NASA:2018,
  title        = "Pluto: The 'Other' Red Planet",
  author       = "{NASA}",
  howpublished = "\url{https://www.nasa.gov/nh/pluto-the-other-red-planet}",
  year         = 2015,
  note         = "Accessed: 2018-12-06"
}

@MANUAL{fx230:2016,
  organization  = "Future Technology Devices International Ltd",
  title         = "FT230X USB to Basic UART IC",
  howpublished	= "FT230X Datasheet",
  version	= "1.4",
  date		= "24 May",
  year		= 2016,
}